<?xml version="1.0" encoding="UTF-8"?><collection xmlns="http://www.loc.gov/MARC21/slim"><record><leader>00360nam--2200145-i-4500</leader><controlfield tag="001">000021149</controlfield><controlfield tag="002">20161230</controlfield><controlfield tag="005">20170304212419</controlfield><controlfield tag="008">060222s1000------------r-----000-0-eng-d</controlfield><datafield ind1=" " ind2=" " tag="100"><subfield code="a">Jaffe, George</subfield></datafield><datafield ind1=" " ind2=" " tag="245"><subfield code="a">Drei dialoge uber raum, zeit und kausalitat</subfield></datafield><datafield ind1=" " ind2=" " tag="260"><subfield code="a">Berlin</subfield><subfield code="b">Springer</subfield><subfield code="c">1954</subfield></datafield><datafield ind1=" " ind2=" " tag="300"><subfield code="a">211 p</subfield></datafield><datafield ind1=" " ind2=" " tag="852"><subfield code="a">12008</subfield></datafield><datafield ind1=" " ind2=" " tag="CAT"><subfield code="a">SYS</subfield><subfield code="c">20170304</subfield><subfield code="h">212419</subfield></datafield></record></collection>